
@Article{rice1994,
  Author         = {Keren Rice},
  Title			 = {Laryngeal features in {A}thapaskan languages},
  Journal        = {Phonology},
  Volume         = {11},
  Number		 = {1},
  Pages          = {107--147},
  year           = 1994
}

@Article{hall2011,
  Author         = {Daniel Currie Hall},
  Title			 = {Phonological contrast and its phonetic enhancement: Dispersedness without dispersion},
  Journal        = {Phonology},
  Volume         = {28},
  Number		 = {1},
  Pages          = {1--54},
  year           = 2011
}

@Book{SPE,
  Author         = {Noam Chomsky and Morris Halle},
  Title          = {The sound pattern of {English}},
  Publisher      = {Harper \& Row},
  Address        = {New York, NY},
  year           = 1968
}

@MISC{praat,
  author = {Paul Boersma and David Weenink},
  title = {Praat: Doing phonetics by computer},
  howpublished = {Version 6.0.05},
  year = {2015},
  url = {http://www.praat.org}
}

@MANUAL{R,
  title = {R: A Language and Environment for Statistical Computing},
  author = {{R Development Core Team}},
  organization = {R Foundation for Statistical Computing},
  address = {Vienna, Austria},
  year = {2015},
  url = {http://www.R-project.org}
}

@Misc{zeijlstra2008,
	Author		= {Hedde H. Zeijlstra},
	Title		= {Negative concord is syntactic agreement},
	HowPublished	= {Unpublished ms.},
	URL			= {\texttt{http://ling.auf.net/lingBuzz/000645}},
	Year		= 2008
}

@INPROCEEDINGS{lehiste1970,
  author = {Ilse Lehiste},
  title = {Experiments with synthetic speech concerning quantity in {Estonian}},
  booktitle = {{Congressus Tertius Internationalis Fenno-Ugristarum, Tallinae habitus,
	17-23 VIII 1970. Pars I: Acta Linguistica}},
  year = {1970},
  editor = {V. Hallap},
  pages = {254--269},
  address = {Tallinn}
}

